@book{bishop,
  added-at = {2009-06-02T09:46:22.000+0200},
  asin = {0387310738},
  author = {Bishop, Christopher M.},
  biburl = {https://www.bibsonomy.org/bibtex/2d21de30a3a67c0f9f3c96bd6eec3267a/midtiby},
  description = {Amazon.com: Pattern Recognition and Machine Learning (Information Science and Statistics): Christopher M. Bishop: Books},
  dewey = {006.4},
  ean = {9780387310732},
  edition = 1,
  interhash = {f6fec2ccd82dec0dcd63825e301662cf},
  intrahash = {d21de30a3a67c0f9f3c96bd6eec3267a},
  isbn = {0387310738},
  keywords = {algorithms machinelearning patternrecognition statistics},
  publisher = {Springer},
  timestamp = {2009-06-02T15:22:29.000+0200},
  title = {Pattern Recognition and Machine Learning (Information Science and Statistics)},
  url = {http://www.amazon.com/Pattern-Recognition-Learning-Information-Statistics/dp/0387310738%3FSubscriptionId%3D13CT5CVB80YFWJEPWS02%26tag%3Dws%26linkCode%3Dxm2%26camp%3D2025%26creative%3D165953%26creativeASIN%3D0387310738},
  year = 2007
}

@book{RasmussenCarlEdward,
  added-at = {2020-07-17T00:00:00.000+0200},
  author = {Rasmussen, Carl Edward and Williams, Christopher K. I.},
  biburl = {https://www.bibsonomy.org/bibtex/2670a576a21065048f7ddede17e09b6b4/dblp},
  ee = {https://www.worldcat.org/oclc/61285753},
  interhash = {72c030472023000e0bdeeb06081c3764},
  intrahash = {670a576a21065048f7ddede17e09b6b4},
  isbn = {026218253X},
  keywords = {dblp},
  pages = {I-XVIII, 1-248},
  publisher = {MIT Press},
  series = {Adaptive computation and machine learning},
  timestamp = {2020-07-24T00:45:17.000+0200},
  title = {Gaussian processes for machine learning.},
  year = 2006
}

@inbook{garnett_2023, 
place={Cambridge}, 
title={modeling with gaussian processes}, 
DOI={10.1017/9781108348973.004}, 
booktitle={Bayesian Optimization}, 
publisher={Cambridge University Press}, 
author={Garnett, Roman}, 
year={2023}, 
}

@ARTICLE{BNNTut,
  author={Jospin, Laurent Valentin and Laga, Hamid and Boussaid, Farid and Buntine, Wray and Bennamoun, Mohammed},
  journal={IEEE Computational Intelligence Magazine}, 
  title={Hands-On Bayesian Neural Networks—A Tutorial for Deep Learning Users}, 
  year={2022},
  volume={17},
  number={2},
  pages={29-48},
  keywords={Deep learning;Training data;Uncertainty;Design methodology;Computational modeling;Stochastic processes;Bayes methods;Neural networks;Tutorials},
  doi={10.1109/MCI.2022.3155327}
  }


@book{garnett_2023_full, 
place={Cambridge}, 
title={Bayesian Optimization}, 
DOI={10.1017/9781108348973}, 
publisher={Cambridge University Press}, 
author={Garnett, Roman}, 
year={2023}}


 @book{pml2Book,
 author = "Kevin P. Murphy",
 title = "Probabilistic Machine Learning: Advanced Topics",
 publisher = "MIT Press",
 year = 2023,
 url = "http://probml.github.io/book2"
}


 @book{murphy,
 author = "Kevin P. Murphy",
 title = "Probabilistic Machine Learning: An introduction",
 publisher = "MIT Press",
 year = 2022,
 url = "probml.ai"
}

@article{RAISSI,
title = {Machine learning of linear differential equations using Gaussian processes},
journal = {Journal of Computational Physics},
volume = {348},
pages = {683-693},
year = {2017},
issn = {0021-9991},
doi = {https://doi.org/10.1016/j.jcp.2017.07.050},
url = {https://www.sciencedirect.com/science/article/pii/S0021999117305582},
author = {Maziar Raissi and Paris Perdikaris and George Em Karniadakis},
keywords = {Probabilistic machine learning, Inverse problems, Fractional differential equations, Uncertainty quantification, Functional genomics},
}
@phdthesis{Duvenaud,
  title     = {Automatic Model Construction with Gaussian Processes},
  author    = {Duvenaud, David},
  year      = {2014},
  school    = {University of Cambridge},
  type      = {PhD Thesis},
  doi       = {10.17863/CAM.14087},
  url       = {https://www.cs.toronto.edu/~duvenaud/thesis.pdf},
}


@article{görtler2019a,
  author = {Görtler, Jochen and Kehlbeck, Rebecca and Deussen, Oliver},
  title = {A Visual Exploration of Gaussian Processes},
  journal = {Distill},
  year = {2019},
  doi = {10.23915/distill.00017}
}


@InProceedings{Särkkä,
author="S{\"a}rkk{\"a}, Simo",
title="Linear Operators and Stochastic Partial Differential Equations in Gaussian Process Regression",
booktitle="Artificial Neural Networks and Machine Learning -- ICANN 2011",
year="2011",
publisher="Springer Berlin Heidelberg",
pages="151--158",
isbn="978-3-642-21738-8"
}


@misc{härkönen2023gaussian,
      title={Gaussian Process Priors for Systems of Linear Partial Differential Equations with Constant Coefficients}, 
      author={Marc Härkönen and Markus Lange-Hegermann and Bogdan Raiţă},
      year={2023},
      eprint={2212.14319},
      archivePrefix={arXiv},
      primaryClass={stat.ML}
}

@Misc{gpy2014,
  author =   {{GPy}},
  title =    {{GPy}: A Gaussian process framework in python},
  howpublished = {\url{http://github.com/SheffieldML/GPy}},
  year = {since 2012}
}

@ARTICLE{Singer:2009NelderMead,
AUTHOR = {Singer, S.  and Nelder, J. },
TITLE   = {{N}elder-{M}ead algorithm},
YEAR    = {2009},
JOURNAL = {Scholarpedia},
VOLUME  = {4},
NUMBER  = {7},
PAGES   = {2928},
DOI     = {10.4249/scholarpedia.2928},
NOTE    = {revision \#91557}
}

@software{jax2018github,
  author = {James Bradbury and Roy Frostig and Peter Hawkins and Matthew James Johnson and Chris Leary and Dougal Maclaurin and George Necula and Adam Paszke and Jake Vander{P}las and Skye Wanderman-{M}ilne and Qiao Zhang},
  title = {{JAX}: composable transformations of {P}ython+{N}um{P}y programs},
  howpublished = {\url{http://github.com/google/jax}},
  version = {0.3.13},
  year = {since 2018},
}

@misc{jidling2017linearly,
  title        = {Linearly constrained Gaussian processes}, 
  author       = {Carl Jidling and Niklas Wahlström and Adrian Wills and Thomas B. Schön},
  year         = {2017},
  howpublished = {NeurIPS 2017},
  eprint       = {1703.00787},
  archivePrefix= {arXiv},
  primaryClass = {stat.ML},
  url          = {https://arxiv.org/abs/1703.00787}
}


@ARTICLE{2020SciPy-NMeth,
  author  = {Virtanen, Pauli and Gommers, Ralf and Oliphant, Travis E. and
            Haberland, Matt and Reddy, Tyler and Cournapeau, David and
            Burovski, Evgeni and Peterson, Pearu and Weckesser, Warren and
            Bright, Jonathan and {van der Walt}, St{\'e}fan J. and
            Brett, Matthew and Wilson, Joshua and Millman, K. Jarrod and
            Mayorov, Nikolay and Nelson, Andrew R. J. and Jones, Eric and
            Kern, Robert and Larson, Eric and Carey, C J and
            Polat, {\.I}lhan and Feng, Yu and Moore, Eric W. and
            {VanderPlas}, Jake and Laxalde, Denis and Perktold, Josef and
            Cimrman, Robert and Henriksen, Ian and Quintero, E. A. and
            Harris, Charles R. and Archibald, Anne M. and
            Ribeiro, Ant{\^o}nio H. and Pedregosa, Fabian and
            {van Mulbregt}, Paul and {SciPy 1.0 Contributors}},
  title   = {{{SciPy} 1.0: Fundamental Algorithms for Scientific
            Computing in Python}},
  journal = {Nature Methods},
  year    = {2020},
  volume  = {17},
  pages   = {261--272},
  adsurl  = {https://rdcu.be/b08Wh},
  doi     = {10.1038/s41592-019-0686-2},
}
@article{gulian2020gaussian,
title = {Gaussian process regression constrained by boundary value problems},
journal = {Computer Methods in Applied Mechanics and Engineering},
volume = {388},
pages = {114117},
year = {2022},
issn = {0045-7825},
doi = {https://doi.org/10.1016/j.cma.2021.114117},
url = {https://www.sciencedirect.com/science/article/pii/S0045782521004485},
author = {M. Gulian and A. Frankel and L. Swiler},
}

@article{Karniadaktis,
  author    = {Karniadakis, George Em and Kevrekidis, Ioannis G. and Lu, Lu and Perdikaris, Paris and Wang, Sifan and Yang, Liu},
  title     = {Physics-informed machine learning},
  journal   = {Nature Reviews Physics},
  year      = {2021},
  volume    = {3},
  number    = {6},
  pages     = {422--440},
  doi       = {10.1038/s42254-021-00314-5},
  url       = {https://doi.org/10.1038/s42254-021-00314-5},
  issn      = {2522-5820}
}


@misc{raissi2017physicsIDL,
  title        = {Physics Informed Deep Learning (Part I): Data-driven Solutions of Nonlinear Partial Differential Equations}, 
  author       = {Maziar Raissi and Paris Perdikaris and George Em Karniadakis},
  year         = {2017},
  howpublished = {arXiv preprint, arXiv:1711.10561},
  url          = {https://arxiv.org/abs/1711.10561}
}


article{RAISSI2019686,
title = {Physics-informed neural networks: A deep learning framework for solving forward and inverse problems involving nonlinear partial differential equations},
journal = {Journal of Computational Physics},
volume = {378},
pages = {686-707},
year = {2019},
issn = {0021-9991},
doi = {https://doi.org/10.1016/j.jcp.2018.10.045},
url = {https://www.sciencedirect.com/science/article/pii/S0021999118307125},
author = {M. Raissi and P. Perdikaris and G.E. Karniadakis},
keywords = {Data-driven scientific computing, Machine learning, Predictive modeling, Runge–Kutta methods, Nonlinear dynamics},
abstract = {}
}
@misc{alvarez2012kernels,
  author       = {Mauricio A. Alvarez and Lorenzo Rosasco and Neil D. Lawrence},
  title        = {Kernels for Vector-Valued Functions: a Review}, 
  year         = {2012},
  howpublished = {arXiv preprint, arXiv:1106.6251},
  url          = {https://arxiv.org/abs/1106.6251}
}





@inbook{design_viaSurrogate,
author = {Forrester, A.I.J., Sóbester, A. and Keane, A.J},
    publisher = {John Wiley & Sons, Ltd},
isbn = {9780470770801},
title={Engineering Design via Surrogate Modelling: A Practical Guide},
booktitle = {Engineering Design via Surrogate Modelling: A Practical Guide},

doi = {https://doi.org/10.1002/9780470770801.ch2},
url = {https://onlinelibrary.wiley.com/doi/abs/10.1002/9780470770801.ch2},
eprint = {https://onlinelibrary.wiley.com/doi/pdf/10.1002/9780470770801.ch2},
year = {2008},
}

@book{papoulis2002probability,
  title={Probability, Random Variables, and Stochastic Processes},
  author={Papoulis, A. and Pillai, S.U.},
  isbn={9780071226615},
  lccn={2001044139},
  series={McGraw-Hill series in electrical and computer engineering},
  url={https://books.google.at/books?id=k22UwAEACAAJ},
  year={2002},
  publisher={McGraw-Hill},
}

@article{bingham2019pyro,

  author    = {Eli Bingham and

               Jonathan P. Chen and

               Martin Jankowiak and

               Fritz Obermeyer and

               Neeraj Pradhan and

               Theofanis Karaletsos and

               Rohit Singh and

               Paul A. Szerlip and

               Paul Horsfall and

               Noah D. Goodman},

  title     = {Pyro: Deep Universal Probabilistic Programming},

  journal   = {J. Mach. Learn. Res.},

  volume    = {20},

  pages     = {28:1--28:6},

  year      = {2019},

  url       = {http://jmlr.org/papers/v20/18-403.html}

}

@article{phan2019composable,

  title={Composable Effects for Flexible and Accelerated Probabilistic Programming in NumPyro},

  author={Phan, Du and Pradhan, Neeraj and Jankowiak, Martin},

  journal={arXiv preprint arXiv:1912.11554},

  year={2019}

}